@Article{portnoy1988asymptotic,
  author        = {Stephen {Portnoy}},
  title         = {Asymptotic Behavior of Likelihood Methods for Exponential Families when the Number of Parameters Tends to Infinity},
  journal       = {Annals of Statistics},
  year          = {1988},
  volume        = {16},
  number        = {1},
  pages         = {356--366},
  file          = {:portnoy1988asymptotic.pdf:PDF},
  groups        = {likelihood},
}

@Article{berger2003approximations,
  author  = {James O. {Berger} and Jayanta K. {Ghosh} and Nitai {Mukhopadhyay}},
  title   = {Approximations and consistency of Bayes factors as model dimension grows},
  journal = {Journal of Statistical Planning and Inference},
  year    = {2003},
  volume  = {112},
  pages   = {241--258},
  file    = {:berger2003approximations.pdf:PDF},
  groups  = {bayes},
}

@Article{Ghosal2000Asymptotic,
  author  = {Ghosal, Subhashis},
  title   = {Asymptotic Normality of Posterior Distributions for Exponential Families when the Number of Parameters Tends to Infinity},
  journal = {Journal of Multivariate Analysis},
  year    = {2000},
  volume  = {74},
  number  = {1},
  pages   = {49-68},
  file    = {Ghosal2000Asymptotic.pdf:Ghosal2000Asymptotic.pdf:PDF},
  groups  = {bayes},
}

@Article{stadler2016two,
  author  = {Stadler, Nicolas and Mukherjee, Sach},
  title   = {Two-sample testing in high dimensions},
  journal = {Journal of The Royal Statistical Society Series B-statistical Methodology},
  year    = {2017},
  file    = {stadler2016two.pdf:stadler2016two.pdf:PDF},
  groups  = {mean test, likelihood},
}

@Article{spokoiny2012parametric,
  author  = {Vladimir {Spokoiny}},
  title   = {Parametric estimation. Finite sample theory},
  journal = {Annals of Statistics},
  year    = {2012},
  volume  = {40},
  number  = {6},
  pages   = {2877--2909},
  file    = {:spokoiny2012parametric.pdf:PDF},
  groups  = {likelihood},
}

@Book{book:263774,
  title     = {Iterative Solution of Nonlinear Equations in Several Variables},
  publisher = {Society for Industrial Mathematics},
  year      = {1987},
  author    = {J. M. Ortega, W. C. Rheinboldt},
  series    = {Classics in Applied Mathematics, 30},
  isbn      = {9780898714616,0898714613},
  file      = {:book\:263774.djvu:Djvu},
  groups    = {book},
  url       = {http://gen.lib.rus.ec/book/index.php?md5=653F1C9044415534FF611042EFD9ECA2},
}

@Article{ghosal2000,
  author        = {Ghosal, Subhashis and Ghosh, Jayanta K. and van der Vaart, Aad W.},
  title         = {Convergence rates of posterior distributions},
  journal       = {Ann. Statist.},
  year          = {2000},
  volume        = {28},
  number        = {2},
  pages         = {500--531},
  month         = {04},
  doi           = {10.1214/aos/1016218228},
  file          = {:ghosal2000.pdf:PDF},
  fjournal      = {The Annals of Statistics},
  groups        = {bayes},
  publisher     = {The Institute of Mathematical Statistics},
  url           = {https://doi.org/10.1214/aos/1016218228},
}

@Article{Shen2001Rates,
  author        = {Shen, Xiaotong and Wasserman, Larry},
  title         = {Rates of Convergence of Posterior Distributions},
  journal       = {Annals of Statistics},
  year          = {2001},
  volume        = {29},
  number        = {3},
  pages         = {687-714},
  __markedentry = {[kfeng123:1]},
  file          = {:Shen2001Rates.pdf:PDF},
  groups        = {bayes},
}

@Article{diaconis1986consistency,
  author  = {Persi {Diaconis} and David {Freedman}},
  title   = {On the Consistency of Bayes Estimates},
  journal = {Annals of Statistics},
  year    = {1986},
  volume  = {14},
  number  = {1},
  pages   = {1--26},
  file    = {:diaconis1986consistency.pdf:PDF},
  groups  = {bayes},
}

@Article{kar10563,
  author        = {Stephen G. Walker and Nils Lid Hjort},
  title         = {On Bayesian consistency},
  journal       = {Journal of the Royal Statistical Society: Series B (Statistical Methodology)},
  year          = {2001},
  volume        = {63},
  number        = {4},
  pages         = {811--821},
  month         = {April},
  __markedentry = {[kfeng123:5]},
  file          = {:kar10563.pdf:PDF},
  groups        = {bayes},
  keywords      = {Asymptotics ? Bayesian sieve ? Bayes nonparametrics ? Consistency},
  publisher     = {The Royal Statistical Society and Blackwell Publishing Ltd},
  url           = {http://kar.kent.ac.uk/10563/},
}
