@Book{book:1273182,
  title     = {Spline Models for Observational Data (CBMS-NSF Regional Conference Series in Applied Mathematics)},
  publisher = {SIAM: Society for Industrial and Applied Mathematics},
  year      = {1990},
  author    = {Grace Wahba},
  isbn      = {9780898712445,0898712440},
  file      = {:book\:1273182.djvu:Djvu},
  groups    = {book},
  url       = {http://gen.lib.rus.ec/book/index.php?md5=EB991B6BF7552009C1567B8F52C51196},
}

@Book{book:982265,
  title     = {Smoothing Spline ANOVA Models},
  publisher = {Springer-Verlag New York},
  year      = {2013},
  author    = {Chong Gu},
  series    = {Springer Series in Statistics 297},
  edition   = {2},
  isbn      = {978-1-4614-5368-0,978-1-4614-5369-7},
  file      = {:book\:982265.pdf:PDF},
  url       = {http://gen.lib.rus.ec/book/index.php?md5=4FCBF311F1897B6CBC95DA1FDC5A6CF1},
}

@TechReport{Roman2010Functional,
  author      = {Roman Vershynin},
  title       = {Lectures in Functional Analysis},
  institution = {Department of Mathematics, University of Michigan},
  year        = {2010},
  file        = {:Roman2010Functional.pdf:PDF},
  groups      = {book},
  owner       = {kfeng123},
  timestamp   = {2018.09.23},
  url         = {https://www.math.uci.edu/~rvershyn/teaching/2010-11/602/functional-analysis.pdf},
}

@Article{Amini2013High,
  author  = {Amini, Arash Ali},
  title   = {High-dimensional Principal Component Analysis},
  journal = {Dissertations \& Theses - Gradworks},
  year    = {2013},
  volume  = {61},
  number  = {3},
  pages   = {464--473},
  file    = {Amini2013High.pdf:Amini2013High.pdf:PDF},
  groups  = {factor and PCA},
}

@Article{hofmann2008,
  author    = {Hofmann, Thomas and Sch\"olkopf, Bernhard and Smola, Alexander J.},
  title     = {Kernel methods in machine learning},
  journal   = {Ann. Statist.},
  year      = {2008},
  volume    = {36},
  number    = {3},
  pages     = {1171--1220},
  month     = {06},
  doi       = {10.1214/009053607000000677},
  file      = {:hofmann2008.pdf:PDF},
  fjournal  = {The Annals of Statistics},
  groups    = {machine learning},
  publisher = {The Institute of Mathematical Statistics},
  url       = {https://doi.org/10.1214/009053607000000677},
}

@Book{book:274797,
  title         = {Support Vector Machines},
  publisher     = {Springer-Verlag New York},
  year          = {2008},
  author        = {Andreas Christmann, Ingo Steinwart (auth.)},
  series        = {Information science and statistics},
  edition       = {1},
  isbn          = {0387772413,9780387772424,9780387772417},
  file          = {:book\:274797.pdf:PDF},
  groups        = {books},
  url           = {http://gen.lib.rus.ec/book/index.php?md5=81D4F626F589A846F9D4AEDFDFEAB7EF},
}

@Article{6790375,
  author  = {B. Sch\"olkopf and A. Smola and K. MÃ¼ller},
  title   = {Nonlinear Component Analysis as a Kernel Eigenvalue Problem},
  journal = {Neural Computation},
  year    = {1998},
  volume  = {10},
  number  = {5},
  pages   = {1299-1319},
  month   = {July},
  issn    = {0899-7667},
  doi     = {10.1162/089976698300017467},
  file    = {:6790375.pdf:PDF},
  groups  = {machine learning},
}

@Article{914517,
  author   = {K. -. Muller and S. Mika and G. Ratsch and K. Tsuda and B. Sch\"olkopf},
  title    = {An introduction to kernel-based learning algorithms},
  journal  = {IEEE Transactions on Neural Networks},
  year     = {2001},
  volume   = {12},
  number   = {2},
  pages    = {181-201},
  month    = {March},
  issn     = {1045-9227},
  doi      = {10.1109/72.914517},
  file     = {:914517.pdf:PDF},
  groups   = {machine learning},
  keywords = {learning automata;neural nets;principal component analysis;learning (artificial intelligence);optical character recognition;pattern classification;learning algorithms;support vector machines;kernel Fisher discriminant analysis;principal component analysis;Vapnik-Chervonenkis theory;Mercer kernel;optical character recognition;DNA analysis;mathematical programming;Kernel;Principal component analysis;Support vector machines;Algorithm design and analysis;Optical character recognition software;DNA;Pattern analysis;Time series analysis;Character recognition;Support vector machine classification},
}

@Book{book:1323324,
  title     = {Theoretical Foundations of Functional Data Analysis, with an Introduction to Linear Operators},
  publisher = {Wiley},
  year      = {2015},
  author    = {Tailen Hsing and Randall Eubank},
  series    = {Wiley Series in Probability and Statistics},
  edition   = {1},
  isbn      = {0470016914,9780470016916},
  file      = {:book\:1323324.pdf:PDF},
  groups    = {books},
  url       = {http://gen.lib.rus.ec/book/index.php?md5=8f509404b12c5e01d351111bcff67638},
}
